<record><leader>00000cas a2200000 a 4500</leader><controlfield tag="001">14206070</controlfield><controlfield tag="008">860911d18781881txudn ne      0    0eng c</controlfield><datafield ind1=" " ind2=" " tag="010"><subfield code="a">sn 86088851 </subfield></datafield><datafield ind1=" " ind2=" " tag="040"><subfield code="a">PPM</subfield><subfield code="b">eng</subfield><subfield code="c">PPM</subfield><subfield code="d">NVF</subfield><subfield code="d">OCLCQ</subfield><subfield code="d">OCLCF</subfield><subfield code="d">OCL</subfield><subfield code="d">OCLCO</subfield></datafield><datafield ind1="1" ind2=" " tag="029"><subfield code="a">AU@</subfield><subfield code="b">000025837927</subfield></datafield><datafield ind1=" " ind2=" " tag="042"><subfield code="a">pcc</subfield></datafield><datafield ind1=" " ind2=" " tag="043"><subfield code="a">n-us-tx</subfield></datafield><datafield ind1="0" ind2="0" tag="245"><subfield code="a">Fort Worth daily Democrat.</subfield></datafield><datafield ind1="1" ind2="3" tag="246"><subfield code="a">Democrat</subfield></datafield><datafield ind1="1" ind2=" " tag="246"><subfield code="i">Published as:</subfield><subfield code="a">Daily Fort Worth Democrat</subfield><subfield code="f">July 4, 1880</subfield></datafield><datafield ind1="1" ind2=" " tag="246"><subfield code="i">Published as:</subfield><subfield code="a">Daily Democrat</subfield><subfield code="f">July 6, 1880-July 6, 1881</subfield></datafield><datafield ind1=" " ind2=" " tag="260"><subfield code="a">Fort Worth, Tex. :</subfield><subfield code="b">[s.n.],</subfield><subfield code="c">1878-1881.</subfield></datafield><datafield ind1=" " ind2=" " tag="300"><subfield code="a">v.</subfield></datafield><datafield ind1=" " ind2=" " tag="310"><subfield code="a">Daily (except Monday)</subfield></datafield><datafield ind1="0" ind2=" " tag="362"><subfield code="a">Vol. 2, no. 240 (Apr. 7, 1878)-v. 5, no. 308 (Dec. 11, 1881).</subfield></datafield><datafield ind1=" " ind2=" " tag="515"><subfield code="a">Suspended between Feb. 8 and July 4, 1880.</subfield></datafield><datafield ind1=" " ind2="0" tag="651"><subfield code="a">Fort Worth (Tex.)</subfield><subfield code="v">Newspapers.</subfield></datafield><datafield ind1=" " ind2="7" tag="651"><subfield code="a">Texas</subfield><subfield code="z">Fort Worth.</subfield><subfield code="2">fast</subfield><subfield code="0">(OCoLC)fst01204692</subfield></datafield><datafield ind1=" " ind2="7" tag="655"><subfield code="a">Newspapers.</subfield><subfield code="2">fast</subfield><subfield code="0">(OCoLC)fst01423814</subfield></datafield><datafield ind1=" " ind2=" " tag="752"><subfield code="a">United States</subfield><subfield code="b">Texas</subfield><subfield code="c">Tarrant</subfield><subfield code="d">Fort Worth.</subfield></datafield><datafield ind1="0" ind2=" " tag="775"><subfield code="t">Fort Worth Democrat (Fort Worth, Tex. : 1871)</subfield><subfield code="w">(DLC)sn 83021373</subfield><subfield code="w">(OCoLC)10164889</subfield></datafield><datafield ind1="0" ind2="0" tag="780"><subfield code="t">Daily Fort Worth Democrat</subfield><subfield code="w">(DLC)sn 86088492</subfield><subfield code="w">(OCoLC)14114857</subfield></datafield><datafield ind1="0" ind2="7" tag="785"><subfield code="t">Fort Worth advance</subfield></datafield><datafield ind1="0" ind2="7" tag="785"><subfield code="t">Fort Worth daily Democrat and advance</subfield><subfield code="w">(DLC)sn 86088766</subfield><subfield code="w">(OCoLC)14114924</subfield></datafield></record>